@BOOK{Abramowitz_1970_hmfw,
   author = {{Abramowitz}, M. and {Stegun}, I.~A.},
    title = "{Handbook of mathematical functions : with formulas, graphs, and mathematical tables}",
 keywords = {Functions, Mathematics},
booktitle = {Handbook of mathematical functions : with formulas, graphs, and mathematical tables , by Abramowitz, Milton;Stegun, Irene A.~ Handbook of mathematical functions : with formulas, graphs, and mathematical tables , by Abramowitz, Milton;Stegun, Irene A.~Washington, D.C.~: U.S.~Dept.~of Commerce, National Bureau of Standards ; For sale by the Supt.~of Docs., U.S.~G.P.O., 1970.},
     year = 1970,
   adsurl = {http://adsabs.harvard.edu/abs/1970hmfw.book.....A},
  adsnote = {Provided by the SAO/NASA Astrophysics Data System}
}
@ARTICLE{Aschwanden_1999,
   author = {{Aschwanden}, M.~J. and {Fletcher}, L. and {Schrijver}, C.~J. and 
	{Alexander}, D.},
    title = "{Coronal Loop Oscillations Observed with the Transition Region and Coronal Explorer}",
  journal = {\apj},
 keywords = {SUN: CORONA, SUN: FLARES, SUN: OSCILLATIONS, SUN: UV RADIATION, Sun: Corona, Sun: Flares, Sun: Oscillations, Sun: UV Radiation},
     year = 1999,
    month = aug,
   volume = 520,
    pages = {880-894},
      doi = {10.1086/307502},
   adsurl = {http://adsabs.harvard.edu/abs/1999ApJ...520..880A},
  adsnote = {Provided by the SAO/NASA Astrophysics Data System}
}
@BOOK{Aschwanden_2005_psci,
   author = {{Aschwanden}, M.~J.},
    title = "{Physics of the Solar Corona. An Introduction with Problems and Solutions (2nd edition)}",
 keywords = {solar physics, corona, flares, coronal mass ejections},
booktitle = {Pour la Science},
     year = 2005,
    month = dec,
   adsurl = {http://adsabs.harvard.edu/abs/2005psci.book.....A},
  adsnote = {Provided by the SAO/NASA Astrophysics Data System}
}

@ARTICLE{Antolin_2015a,
   author = {{Okamoto}, T.~J. and {Antolin}, P. and {De Pontieu}, B. and 
	{Uitenbroek}, H. and {Van Doorsselaere}, T. and {Yokoyama}, T.
	},
    title = "{Resonant Absorption of Transverse Oscillations and Associated Heating in a Solar Prominence. I. Observational Aspects}",
  journal = {\apj},
archivePrefix = "arXiv",
   eprint = {1506.08965},
 primaryClass = "astro-ph.SR",
 keywords = {Sun: chromosphere, Sun: transition region, waves},
     year = 2015,
    month = aug,
   volume = 809,
      eid = {71},
    pages = {71},
      doi = {10.1088/0004-637X/809/1/71},
   adsurl = {http://adsabs.harvard.edu/abs/2015ApJ...809...71O},
  adsnote = {Provided by the SAO/NASA Astrophysics Data System}
}
@ARTICLE{Antolin_2015b,
   author = {{Antolin}, P. and {Okamoto}, T.~J. and {De Pontieu}, B. and 
	{Uitenbroek}, H. and {Van Doorsselaere}, T. and {Yokoyama}, T.
	},
    title = "{Resonant Absorption of Transverse Oscillations and Associated Heating in a Solar Prominence. II. Numerical Aspects}",
  journal = {\apj},
archivePrefix = "arXiv",
   eprint = {1506.09108},
 primaryClass = "astro-ph.SR",
 keywords = {instabilities, magnetohydrodynamics: MHD, Sun: activity, Sun: corona, Sun: filaments, prominences, Sun: oscillations},
     year = 2015,
    month = aug,
   volume = 809,
      eid = {72},
    pages = {72},
      doi = {10.1088/0004-637X/809/1/72},
   adsurl = {http://adsabs.harvard.edu/abs/2015ApJ...809...72A},
  adsnote = {Provided by the SAO/NASA Astrophysics Data System}
}
@ARTICLE{Andries_2005,
   author = {{Andries}, J. and {Arregui}, I. and {Goossens}, M.},
    title = "{Determination of the Coronal Density Stratification from the Observation of Harmonic Coronal Loop Oscillations}",
  journal = {\apjl},
 keywords = {Sun: Corona, Sun: Magnetic Fields, Sun: Oscillations},
     year = 2005,
    month = may,
   volume = 624,
    pages = {L57-L60},
      doi = {10.1086/430347},
   adsurl = {http://cdsads.u-strasbg.fr/abs/2005ApJ...624L..57A},
  adsnote = {Provided by the SAO/NASA Astrophysics Data System}
}
@ARTICLE{Dere_1997A,
   author = {{Dere}, K.~P. and {Landi}, E. and {Mason}, H.~E. and {Monsignori Fossi}, B.~C. and 
	{Young}, P.~R.},
    title = "{CHIANTI - an atomic database for emission lines}",
  journal = {\aaps},
 keywords = {ATOMIC DATA, ASTRONOMICAL DATA BASES: MISCELLANEOUS, ULTRAVIOLET: GENERAL, SUN: ATMOSPHERE, STARS: ATMOSPHERE},
     year = 1997,
    month = oct,
   volume = 125,
      doi = {10.1051/aas:1997368},
   adsurl = {http://adsabs.harvard.edu/abs/1997A%26AS..125..149D},
  adsnote = {Provided by the SAO/NASA Astrophysics Data System}
}
@ARTICLE{De_Moortel_1999_A,
   author = {{De Moortel}, I. and {Hood}, A.~W. and {Ireland}, J. and {Arber}, T.~D.
	},
    title = "{Phase mixing of Alfv{\'e}n waves in a stratified and open atmosphere}",
  journal = {\aap},
 keywords = {MAGNETOHYDRODYNAMICS (MHD), WAVES, SUN: CORONA},
     year = 1999,
    month = jun,
   volume = 346,
    pages = {641-651},
   adsurl = {http://adsabs.harvard.edu/abs/1999A%26A...346..641D},
  adsnote = {Provided by the SAO/NASA Astrophysics Data System}
}

@ARTICLE{De_Moortel_2000_A,
   author = {{De Moortel}, I. and {Hood}, A.~W. and {Arber}, T.~D.},
    title = "{Phase mixing of Alfv{\'e}n waves in a stratified and radially diverging, open atmosphere}",
  journal = {\aap},
 keywords = {MAGNETOHYDRODYNAMICS (MHD), WAVES, SUN: CORONA},
     year = 2000,
    month = feb,
   volume = 354,
    pages = {334-348},
   adsurl = {http://cdsads.u-strasbg.fr/abs/2000A%26A...354..334D},
  adsnote = {Provided by the SAO/NASA Astrophysics Data System}
}
@ARTICLE{De_Moortel_2003SoPh,
   author = {{De Moortel}, I. and {Parnell}, C.~E. and {Hood}, A.~W.},
    title = "{Determination of coronal loop properties from trace observations}",
  journal = {\solphys},
     year = 2003,
    month = jul,
   volume = 215,
    pages = {69-86},
      doi = {10.1023/A:1024856300248},
   adsurl = {http://adsabs.harvard.edu/abs/2003SoPh..215...69D},
  adsnote = {Provided by the SAO/NASA Astrophysics Data System}
}
@ARTICLE{Edwin_1983_SoPh,
   author = {{Edwin}, P.~M. and {Roberts}, B.},
    title = "{Wave propagation in a magnetic cylinder}",
  journal = {\solphys},
 keywords = {Coronal Loops, Magnetoacoustic Waves, Plasma Cylinders, Solar Atmosphere, Solar Oscillations, Wave Propagation, Love Waves, Photosphere, Solar Magnetic Field},
     year = 1983,
    month = oct,
   volume = 88,
    pages = {179-191},
      doi = {10.1007/BF00196186},
   adsurl = {http://adsabs.harvard.edu/abs/1983SoPh...88..179E},
  adsnote = {Provided by the SAO/NASA Astrophysics Data System}
}
@book{goedbloed2004principles,
  title={Principles of magnetohydrodynamics: with applications to laboratory and astrophysical plasmas},
  author={Goedbloed, Johan Peter and Poedts, Stefaan},
  year={2004},
  publisher={Cambridge university press}
}
@ARTICLE{Heyvaerts_1983_A,
   author = {{Heyvaerts}, J. and {Priest}, E.~R.},
    title = "{Coronal heating by phase-mixed shear Alfven waves}",
  journal = {\aap},
 keywords = {Magnetohydrodynamic Stability, Magnetohydrodynamic Waves, Multiphase Flow, Ohmic Dissipation, Solar Corona, Solar Heating, Kelvin-Helmholtz Instability, Propagation Velocity, S Waves, Standing Waves, Velocity Distribution, Wave Propagation},
     year = 1983,
    month = jan,
   volume = 117,
    pages = {220-234},
   adsurl = {http://adsabs.harvard.edu/abs/1983A%26A...117..220H},
  adsnote = {Provided by the SAO/NASA Astrophysics Data System}
}
@INPROCEEDINGS{Hollweg_1991_mcch,
   author = {{Hollweg}, J.~V.},
    title = "{Alfv{\'e}n Waves}",
booktitle = {Mechanisms of Chromospheric and Coronal Heating},
     year = 1991,
   editor = {{Ulmschneider}, P. and {Priest}, E.~R. and {Rosner}, R.},
    month = jan,
    pages = {260},
   adsurl = {http://adsabs.harvard.edu/abs/1991mcch.conf..423H},
  adsnote = {Provided by the SAO/NASA Astrophysics Data System}
}
@ARTICLE{Hood_1997_A,
   author = {{Hood}, A.~W. and {Gonzalez-Delgado}, D. and {Ireland}, J.},
    title = "{Heating of coronal loops by phase-mixing.}",
  journal = {\aap},
 keywords = {MHD, SUN: CORONA},
     year = 1997,
    month = aug,
   volume = 324,
    pages = {11-14},
   adsurl = {http://adsabs.harvard.edu/abs/1997A%26A...324...11H},
  adsnote = {Provided by the SAO/NASA Astrophysics Data System}
}
@BOOK{Lang_2006ses,
   author = {{Lang}, K.~R.},
    title = "{Sun, Earth and Sky}",
booktitle = {Sun, Earth and Sky, by K.R.~Lang.~ISBN 978-0-387-30456-4.~ Berlin: Springer, 2006.},
     year = 2006,
   adsurl = {http://adsabs.harvard.edu/abs/2006ses..book.....L},
  adsnote = {Provided by the SAO/NASA Astrophysics Data System}
}
@book{moler_2010_numerical,
  title="{Numerical Computing with MATLAB: Revised Reprint}",
  author={{Moler}, C.~B.},
  isbn={9780898716603},
  lccn={2004045360},
  url={https://books.google.be/books?id=\_Cad7uaYcloC},
  year={2010},
  publisher={Society for Industrial and Applied Mathematics}
}


@ARTICLE{Keppens2012,
   author = {{Keppens}, R. and {Meliani}, Z. and {van Marle}, A.~J. and {Delmont}, P. and 
	{Vlasis}, A. and {van der Holst}, B.},
    title = "{Parallel, grid-adaptive approaches for relativistic hydro and magnetohydrodynamics}",
  journal = {Journal of Computational Physics},
     year = 2012,
    month = feb,
   volume = 231,
    pages = {718-744},
      doi = {10.1016/j.jcp.2011.01.020},
   adsurl = {http://adsabs.harvard.edu/abs/2012JCoPh.231..718K},
  adsnote = {Provided by the SAO/NASA Astrophysics Data System}
}

@ARTICLE{Schrijver_1999_SoPh,
   author = {{Schrijver}, C.~J. and {Title}, A.~M. and {Berger}, T.~E. and 
	{Fletcher}, L. and {Hurlburt}, N.~E. and {Nightingale}, R.~W. and 
	{Shine}, R.~A. and {Tarbell}, T.~D. and {Wolfson}, J. and {Golub}, L. and 
	{Bookbinder}, J.~A. and {Deluca}, E.~E. and {McMullen}, R.~A. and 
	{Warren}, H.~P. and {Kankelborg}, C.~C. and {Handy}, B.~N. and 
	{de Pontieu}, B.},
    title = "{A new view of the solar outer atmosphere by the Transition Region and Coronal Explorer}",
  journal = {\solphys},
     year = 1999,
    month = jul,
   volume = 187,
    pages = {261-302},
      doi = {10.1023/A:1005194519642},
   adsurl = {http://adsabs.harvard.edu/abs/1999SoPh..187..261S},
  adsnote = {Provided by the SAO/NASA Astrophysics Data System}
}
@ARTICLE{Soler_2013,
   author = {{Soler}, R. and {Goossens}, M. and {Terradas}, J. and {Oliver}, R.
	},
    title = "{The Behavior of Transverse Waves in Nonuniform Solar Flux Tubes. I. Comparison of Ideal and Resistive Results}",
  journal = {\apj},
archivePrefix = "arXiv",
   eprint = {1309.3423},
 primaryClass = "astro-ph.SR",
 keywords = {magnetohydrodynamics: MHD, Sun: atmosphere, Sun: magnetic fields, Sun: oscillations, waves },
     year = 2013,
    month = nov,
   volume = 777,
      eid = {158},
    pages = {158},
      doi = {10.1088/0004-637X/777/2/158},
   adsurl = {http://adsabs.harvard.edu/abs/2013ApJ...777..158S},
  adsnote = {Provided by the SAO/NASA Astrophysics Data System}
}
@ARTICLE{Roberts_1984_ApJ,
   author = {{Roberts}, B. and {Edwin}, P.~M. and {Benz}, A.~O.},
    title = "{On coronal oscillations}",
  journal = {\apj},
 keywords = {Coronal Loops, Magnetoacoustic Waves, Magnetohydrodynamic Waves, Solar Magnetic Field, Solar Oscillations, Magnetic Flux, Propagation Modes, Standing Waves, Type 4 Bursts},
     year = 1984,
    month = apr,
   volume = 279,
    pages = {857-865},
      doi = {10.1086/161956},
   adsurl = {http://adsabs.harvard.edu/abs/1984ApJ...279..857R},
  adsnote = {Provided by the SAO/NASA Astrophysics Data System}
}
@ARTICLE{Ruderman2009,
   author = {{Ruderman}, M.~S. and {Erd{\'e}lyi}, R.},
    title = "{Transverse Oscillations of Coronal Loops}",
  journal = {\ssr},
 keywords = {Sun, Corona, Oscillations, Magnetohydrodynamics},
     year = 2009,
    month = dec,
   volume = 149,
    pages = {199-228},
      doi = {10.1007/s11214-009-9535-4},
   adsurl = {http://adsabs.harvard.edu/abs/2009SSRv..149..199R},
  adsnote = {Provided by the SAO/NASA Astrophysics Data System}
}
@ARTICLE{Van_Doorsselaere_2016_FoMo,
 AUTHOR={{Van Doorsselaere}, T.  and  {Antolin}, P.  and  {Yuan}, D.  and  {Reznikova}, V.  and  {Magyar}, N.},   
TITLE="{Forward modelling of optically thin coronal plasma with the FoMo tool}",      
JOURNAL={Frontiers in Astronomy and Space Sciences},      
VOLUME={3},      
YEAR={2016},      
NUMBER={4},     
URL={http://www.frontiersin.org/stellar_and_solar_physics/10.3389/fspas.2016.00004/abstract},       
DOI={10.3389/fspas.2016.00004},      
ISSN={2296-987X} ,      
ABSTRACT={The FoMo code was developed to calculate the EUV and UV emission from optically thin coronal plasmas. The input data for FoMo consists of the plasma density, temperature and velocity on a 3D grid. This is translated to emissivity on the 3D grid, using CHIANTI data. Then, the emissivity is integrated along the line-of-sight (LOS) to calculate the emergent spectral line for synthetic spectrometer observations. The code also generates the emission channels for synthetic AIA imaging observations. Moreover, the code has been extended to model also the gyrosynchrotron emission from plasmas with a population of non-thermal particles. In this case, also optically thick plasmas may be modeled. The radio spectrum is calculated over a large wavelength range, allowing for the comparison with data from a wide range of radio telescopes.}
}
@ARTICLE{Van_Doorsselaere2008,
   author = {{Van Doorsselaere}, T. and {Brady}, C.~S. and {Verwichte}, E. and 
	{Nakariakov}, V.~M.},
    title = "{Seismological demonstration of perpendicular density structuring in the solar corona}",
  journal = {\aap},
 keywords = {Sun: corona, Sun: oscillations, Sun: magnetic fields},
     year = 2008,
    month = nov,
   volume = 491,
    pages = {L9-L12},
      doi = {10.1051/0004-6361:200810659},
   adsurl = {http://adsabs.harvard.edu/abs/2008A%26A...491L...9V},
  adsnote = {Provided by the SAO/NASA Astrophysics Data System}
}
@ARTICLE{Van_Doorsselaere_2004,
   author = {{Van Doorsselaere}, T. and {Andries}, J. and {Poedts}, S. and 
	{Goossens}, M.},
    title = "{Damping of Coronal Loop Oscillations: Calculation of Resonantly Damped Kink Oscillations of One-dimensional Nonuniform Loops}",
  journal = {\apj},
 keywords = {Magnetohydrodynamics: MHD, Sun: Corona, Sun: Magnetic Fields},
     year = 2004,
    month = may,
   volume = 606,
    pages = {1223-1232},
      doi = {10.1086/383191},
   adsurl = {http://adsabs.harvard.edu/abs/2004ApJ...606.1223V},
  adsnote = {Provided by the SAO/NASA Astrophysics Data System}
}
@ARTICLE{Van_Doorsselaere_2007,
   author = {{Van Doorsselaere}, T. and {Nakariakov}, V.~M. and {Verwichte}, E.
	},
    title = "{Coronal loop seismology using multiple transverse loop oscillation harmonics}",
  journal = {\aap},
 keywords = {Sun: corona, Sun: magnetic fields, Sun: oscillations, Sun: UV radiation},
     year = 2007,
    month = oct,
   volume = 473,
    pages = {959-966},
      doi = {10.1051/0004-6361:20077783},
   adsurl = {http://cdsads.u-strasbg.fr/abs/2007A%26A...473..959V},
  adsnote = {Provided by the SAO/NASA Astrophysics Data System}
}
@book{mullan2009physics,
  title="{Physics of the Sun: A First Course}",
  author={{Mullan}, D.J.},
  isbn={9781420083088},
  series={Pure and Applied Physics},
  url={https://books.google.be/books?id=owTMBQAAQBAJ},
  year={2009},
  publisher={CRC Press}
}
@ARTICLE{Narain_2006JApA,
   author = {{Narain}, U. and {Pandey}, K.},
    title = "{Nanoflares and Heating of the Solar Corona}",
  journal = {Journal of Astrophysics and Astronomy},
 keywords = {Sun: stars, magnetic reconnection: coronal heating, nanoflares},
     year = 2006,
    month = sep,
   volume = 27,
    pages = {93-100},
      doi = {10.1007/BF02702511},
   adsurl = {http://adsabs.harvard.edu/abs/2006JApA...27...93N},
  adsnote = {Provided by the SAO/NASA Astrophysics Data System}
}
@book{narayanan2014introduction,
  title={An Introduction to Waves and Oscillations in the Sun},
  author={Narayanan, A.S.},
  isbn={9781489995964},
  series={Astronomy and Astrophysics Library},
  url={https://books.google.be/books?id=Wm3woQEACAAJ},
  year={2014},
  publisher={Springer New York}
}
@ARTICLE{Nakariakov_1999_Sci,
   author = {{Nakariakov}, V.~M. and {Ofman}, L. and {Deluca}, E.~E. and 
	{Roberts}, B. and {Davila}, J.~M.},
    title = "{TRACE observation of damped coronal loop oscillations: Implications for coronal heating}",
  journal = {Science},
     year = 1999,
    month = aug,
   volume = 285,
    pages = {862-864},
      doi = {10.1126/science.285.5429.862},
   adsurl = {http://adsabs.harvard.edu/abs/1999Sci...285..862N},
  adsnote = {Provided by the SAO/NASA Astrophysics Data System}
}
@ARTICLE{Nakariakov_2001,
   author = {{Nakariakov}, V.~M. and {Ofman}, L.},
    title = "{Determination of the coronal magnetic field by coronal loop oscillations}",
  journal = {\aap},
 keywords = {MAGNETOHYDRODYNAMICS (MHD), WAVES, SUN: CORONA, SUN: ACTIVITY, SUN: OSCILLATIONS, SUN: UV RADIATION},
     year = 2001,
    month = jun,
   volume = 372,
    pages = {L53-L56},
      doi = {10.1051/0004-6361:20010607},
   adsurl = {http://cdsads.u-strasbg.fr/abs/2001A%26A...372L..53N},
  adsnote = {Provided by the SAO/NASA Astrophysics Data System}
}
@ARTICLE{Nakariakov_2005_LRSP,
   author = {{Nakariakov}, V.~M. and {Verwichte}, E.},
    title = "{Coronal Waves and Oscillations}",
  journal = {Living Reviews in Solar Physics},
     year = 2005,
    month = jul,
   volume = 2,
      doi = {10.12942/lrsp-2005-3},
   adsurl = {http://adsabs.harvard.edu/abs/2005LRSP....2....3N},
  adsnote = {Provided by the SAO/NASA Astrophysics Data System}
}
@INPROCEEDINGS{Nakariakov_2006_IAUS,
   author = {{Nakariakov}, V.~M.},
    title = "{Coronal waves and oscillations}",
booktitle = {Solar Activity and its Magnetic Origin},
     year = 2006,
   series = {IAU Symposium},
   volume = 233,
   editor = {{Bothmer}, V. and {Hady}, A.~A.},
    pages = {464-471},
      doi = {10.1017/S174392130600250X},
   adsurl = {http://adsabs.harvard.edu/abs/2006IAUS..233..464N},
  adsnote = {Provided by the SAO/NASA Astrophysics Data System}
}
@article{Stepanov_2006_IAUS,
author = { {Stepanov}, A.~V. and {Zaitsev}, V. ~V. and {Nakariakov}, V.~M. },
title = "{Coronal Seismology: Waves and Oscillations in Stellar Coronae}",
journal = {Contemporary Physics},
volume = {54},
number = {1},
pages = {89-89},
year = {2013},
doi = {10.1080/00107514.2013.777790},
URL = {http://dx.doi.org/10.1080/00107514.2013.777790},
eprint = {http://dx.doi.org/10.1080/00107514.2013.777790}
}
@ARTICLE{Pascoe_2007_A,
   author = {{Pascoe}, D.~J. and {Nakariakov}, V.~M. and {Arber}, T.~D.},
    title = "{Sausage oscillations of coronal loops}",
  journal = {\aap},
 keywords = {Sun: corona, Sun: oscillations, Sun: flares, magnetohydrodynamics (MHD)},
     year = 2007,
    month = jan,
   volume = 461,
    pages = {1149-1154},
      doi = {10.1051/0004-6361:20065986},
   adsurl = {http://adsabs.harvard.edu/abs/2007A%26A...461.1149P},
  adsnote = {Provided by the SAO/NASA Astrophysics Data System}
}
@ARTICLE{Uchida_1970_PASJ,
   author = {{Uchida}, Y.},
    title = "{Diagnosis of Coronal Magnetic Structure by Flare-Associated Hydromagnetic Disturbances}",
  journal = {\pasj},
     year = 1970,
   volume = 22,
    pages = {341},
   adsurl = {http://adsabs.harvard.edu/abs/1970PASJ...22..341U},
  adsnote = {Provided by the SAO/NASA Astrophysics Data System}
}
@ARTICLE{Verwichte_2013A_A,
   author = {{Verwichte}, E. and {Van Doorsselaere}, T. and {White}, R.~S. and {Antolin}, P.},
    title = "{Statistical seismology of transverse waves in the solar corona}",
  journal = {\aap},
 keywords = {Sun: oscillations, magnetohydrodynamics (MHD)},
     year = 2013,
    month = apr,
   volume = 552,
      eid = {A138},
    pages = {A138},
      doi = {10.1051/0004-6361/201220456},
   adsurl = {http://adsabs.harvard.edu/abs/2013A%26A...552A.138V},
  adsnote = {Provided by the SAO/NASA Astrophysics Data System}
}
@online{Weisstein,
  author = {{Weisstein}, E. ~W.},
  title = "{Modified Bessel Function of the Second Kind}",
  year = 2016, 
  url = {http://mathworld.wolfram.com/ModifiedBesselFunctionoftheSecondKind.html},
  urldate = {2016-05-17}
}
@ARTICLE{Yuan_2016,
   author = {{Yuan}, D. and {Van Doorsselaere}, T.},
    title = "{Forward Modeling of Standing Kink Modes in Coronal Loops. I. Synthetic Views}",
  journal = {\apjs},
archivePrefix = "arXiv",
   eprint = {1603.01632},
 primaryClass = "astro-ph.SR",
 keywords = {magnetohydrodynamics: MHD, Sun: atmosphere, Sun: corona, Sun: oscillations, waves},
     year = 2016,
    month = apr,
   volume = 223,
      eid = {23},
    pages = {23},
      doi = {10.3847/0067-0049/223/2/23},
   adsurl = {http://adsabs.harvard.edu/abs/2016ApJS..223...23Y},
  adsnote = {Provided by the SAO/NASA Astrophysics Data System}
}


  	
@article{Fisher_1995,
  author={Richard Fisher and Madhulika Guhathakurta},
  title={Physical Properties of Polar Coronal Rays and Holes as Observed with the Spartan 201-01 Coronagraph},
  journal={The Astrophysical Journal Letters},
  volume={447},
  number={2},
  pages={L139},
  url={http://stacks.iop.org/1538-4357/447/i=2/a=L139},
  year={1995},
  abstract={Physical conditions and characteristics of polar coronal rays and polar coronal holes are derived from white-light coronal observations aboard the Spartan 201-01 spacecraft and the ground-based K-coronameter in Mauna Loa, Hawaii, on 1993 April 11-12. An array of polar rays extending from 1.16 to 5.0 R ☉ was observed in both the north and south polar coronal hole regions. They appear as coherent structures at much higher altitudes than previously observed. Densities and scale height temperatures are estimated as a function of radial height for the holes and the rays. These profiles suggest that there is extended heating up to heights of 1.4-2.6 R ☉ .}
}


@ARTICLE{McWhirter1975,
   author = {{McWhirter}, R.~W.~P. and {Thonemann}, P.~C. and {Wilson}, R.
	},
    title = "{The heating of the solar corona. II - A model based on energy balance}",
  journal = {\aap},
 keywords = {Acoustic Attenuation, Astronomical Models, Energy Budgets, Plasma Heating, Solar Corona, Conductive Heat Transfer, Density Distribution, Magnetoacoustic Waves, Radiative Heat Transfer, Solar Magnetic Field, Sound Waves, Temperature Distribution},
     year = 1975,
    month = apr,
   volume = 40,
    pages = {63-73},
   adsurl = {http://adsabs.harvard.edu/abs/1975A%26A....40...63M},
  adsnote = {Provided by the SAO/NASA Astrophysics Data System}
}

@ARTICLE{Vernazza1981,
   author = {{Vernazza}, J.~E. and {Avrett}, E.~H. and {Loeser}, R.},
    title = "{Structure of the solar chromosphere. III - Models of the EUV brightness components of the quiet-sun}",
  journal = {\apjs},
 keywords = {Atmospheric Models, Brightness Temperature, Chromosphere, Extreme Ultraviolet Radiation, Nonequilibrium Thermodynamics, Radiative Heat Transfer, Solar Atmosphere, Ultraviolet Spectra, Atmospheric Heating, Atomic Energy Levels, Carbon, Graphs (Charts), Hydrogen Atoms, Iron, Lyman Spectra, Solar Temperature, Tables (Data)},
     year = 1981,
    month = apr,
   volume = 45,
    pages = {635-725},
      doi = {10.1086/190731},
   adsurl = {http://adsabs.harvard.edu/abs/1981ApJS...45..635V},
  adsnote = {Provided by the SAO/NASA Astrophysics Data System}
}
@ARTICLE{Wiegelmann2012,
   author = {{Wiegelmann}, T. and {Sakurai}, T.},
    title = "{Solar Force-free Magnetic Fields}",
  journal = {Living Reviews in Solar Physics},
archivePrefix = "arXiv",
   eprint = {1208.4693},
 primaryClass = "astro-ph.SR",
 keywords = {solar corona, magnetic fields},
     year = 2012,
    month = sep,
   volume = 9,
      eid = {5},
    pages = {5},
      doi = {10.12942/lrsp-2012-5},
   adsurl = {http://adsabs.harvard.edu/abs/2012LRSP....9....5W},
  adsnote = {Provided by the SAO/NASA Astrophysics Data System}
}

@ARTICLE{Porth2014,
   author = {{Porth}, O. and {Xia}, C. and {Hendrix}, T. and {Moschou}, S.~P. and 
	{Keppens}, R.},
    title = "{MPI-AMRVAC for Solar and Astrophysics}",
  journal = {\apjs},
archivePrefix = "arXiv",
   eprint = {1407.2052},
 primaryClass = "astro-ph.IM",
 keywords = {hydrodynamics, magnetohydrodynamics: MHD, methods: numerical },
     year = 2014,
    month = sep,
   volume = 214,
      eid = {4},
    pages = {4},
      doi = {10.1088/0067-0049/214/1/4},
   adsurl = {http://adsabs.harvard.edu/abs/2014ApJS..214....4P},
  adsnote = {Provided by the SAO/NASA Astrophysics Data System}
}
@Article{Beckers1968,
author={{Beckers}, J. M.},
title="{Solar spicules}",
journal={Solar Physic},
year=1968,
volume=3,
number=3,
pages={367-433},
issn={1573-093X},
doi={10.1007/BF00171614},
adsurl={http://dx.doi.org/10.1007/BF00171614}
}

Query Results from the ADS Database


Retrieved 1 abstracts, starting with number 1.  Total number selected: 1.

@ARTICLE{Scullion2011,
   author = {{Scullion}, E. and {Erd{\'e}lyi}, R. and {Fedun}, V. and {Doyle}, J.~G.
	},
    title = "{The Response of A Three-dimensional Solar Atmosphere to Wave-driven Jets}",
  journal = {\apj},
 keywords = {methods: numerical, methods: observational, Sun: transition region, techniques: image processing, techniques: spectroscopic},
     year = 2011,
    month = dec,
   volume = 743,
      eid = {14},
    pages = {14},
      doi = {10.1088/0004-637X/743/1/14},
   adsurl = {http://adsabs.harvard.edu/abs/2011ApJ...743...14S},
  adsnote = {Provided by the SAO/NASA Astrophysics Data System}
}

@ARTICLE{Pontieu2007,
   author = {{De Pontieu}, B. and {McIntosh}, S. and {Hansteen}, V.~H. and 
	{Carlsson}, M. and {Schrijver}, C.~J. and {Tarbell}, T.~D. and 
	{Title}, A.~M. and {Shine}, R.~A. and {Suematsu}, Y. and {Tsuneta}, S. and 
	{Katsukawa}, Y. and {Ichimoto}, K. and {Shimizu}, T. and {Nagata}, S.
	},
    title = "{A Tale of Two Spicules: The Impact of Spicules on the Magnetic Chromosphere}",
  journal = {\pasj},
archivePrefix = "arXiv",
   eprint = {0710.2934},
 keywords = {Sun: chromosphere, Sun: transition region},
     year = 2007,
    month = nov,
   volume = 59,
    pages = {S655-S662},
      doi = {10.1093/pasj/59.sp3.S655},
   adsurl = {http://adsabs.harvard.edu/abs/2007PASJ...59S.655D},
  adsnote = {Provided by the SAO/NASA Astrophysics Data System}
}

@Article{DePontieu2004,
author={De Pontieu, Bart
and Erdelyi, Robert
and James, Stewart P.},
title={Solar chromospheric spicules from the leakage of photospheric oscillations and flows},
journal={Nature},
year={2004},
month={Jul},
day={29},
volume={430},
number={6999},
pages={536-539},
issn={0028-0836},
doi={10.1038/nature02749},
url={http://dx.doi.org/10.1038/nature02749}
}

@ARTICLE{Shelyag2008,
   author = {{Shelyag}, S. and {Fedun}, V. and {Erd{\'e}lyi}, R.},
    title = "{Magnetohydrodynamic code for gravitationally-stratified media}",
  journal = {\aap},
 keywords = {methods: numerical, magnetohydrodynamcs (MHD), plasmas, Sun: general},
     year = 2008,
    month = aug,
   volume = 486,
    pages = {655-662},
      doi = {10.1051/0004-6361:200809800},
   adsurl = {http://adsabs.harvard.edu/abs/2008A%26A...486..655S},
  adsnote = {Provided by the SAO/NASA Astrophysics Data System}
}

@ARTICLE{Henriques2016,
   author = {{Henriques}, V.~M.~J. and {Kuridze}, D. and {Mathioudakis}, M. and 
	{Keenan}, F.~P.},
    title = "{Quiet-Sun H{$\alpha$} Transients and Corresponding Small-scale Transition Region and Coronal Heating}",
  journal = {\apj},
archivePrefix = "arXiv",
   eprint = {1602.04820},
 primaryClass = "astro-ph.SR",
 keywords = {solar wind, Sun: activity, Sun: chromosphere, Sun: corona, Sun: general, Sun: transition region},
     year = 2016,
    month = apr,
   volume = 820,
      eid = {124},
    pages = {124},
      doi = {10.3847/0004-637X/820/2/124},
   adsurl = {http://adsabs.harvard.edu/abs/2016ApJ...820..124H},
  adsnote = {Provided by the SAO/NASA Astrophysics Data System}
}
@book{priest2014magnetohydrodynamics,
  title={Magnetohydrodynamics of the Sun},
  author={Priest, E.},
  isbn={9780521854719},
  lccn={2013029372},
  url={https://books.google.co.uk/books?id=BrbSAgAAQBAJ},
  year={2014},
  publisher={Cambridge University Press}
}


@ARTICLE{Gent_2013p1,
   author = {{Gent}, F.~A. and {Fedun}, V. and {Mumford}, S.~J. and {Erd{\'e}lyi}, R.
	},
    title = "{Magnetohydrostatic equilibrium - I. Three-dimensional open magnetic flux tube in the stratified solar atmosphere}",
  journal = {\mnras},
archivePrefix = "arXiv",
   eprint = {1305.4788},
 primaryClass = "astro-ph.SR",
 keywords = {instabilities, magnetic fields, MHD, Sun: atmosphere, Sun: transition region},
     year = 2013,
    month = oct,
   volume = 435,
    pages = {689-697},
      doi = {10.1093/mnras/stt1328},
   adsurl = {http://adsabs.harvard.edu/abs/2013MNRAS.435..689G},
  adsnote = {Provided by the SAO/NASA Astrophysics Data System}
}

@ARTICLE{Gent_2014p2,
   author = {{Gent}, F.~A. and {Fedun}, V. and {Erd{\'e}lyi}, R.},
    title = "{Magnetohydrostatic Equilibrium. II. Three-dimensional Multiple Open Magnetic Flux Tubes in the Stratified Solar Atmosphere}",
  journal = {\apj},
archivePrefix = "arXiv",
   eprint = {1405.0613},
 primaryClass = "astro-ph.SR",
 keywords = {instabilities, magnetic fields, magnetohydrodynamics: MHD, Sun: atmosphere, Sun: chromosphere, Sun: transition region },
     year = 2014,
    month = jul,
   volume = 789,
      eid = {42},
    pages = {42},
      doi = {10.1088/0004-637X/789/1/42},
   adsurl = {http://adsabs.harvard.edu/abs/2014ApJ...789...42G},
  adsnote = {Provided by the SAO/NASA Astrophysics Data System}
}

@MISC{Griffiths2013,
   author = {{Griffiths}, M. and {Fedun}, V. and {Mumford}, S. and {Gent}, F.
	},
    title = "{SAC: Sheffield Advanced Code}",
 keywords = {Software},
howpublished = {Astrophysics Source Code Library},
     year = 2013,
    month = jun,
archivePrefix = "ascl",
   eprint = {1306.001},
   adsurl = {http://adsabs.harvard.edu/abs/2013ascl.soft06001G},
  adsnote = {Provided by the SAO/NASA Astrophysics Data System}
}
@ARTICLE{De_Pontieu2007,
   author = {{De Pontieu}, B. and {McIntosh}, S. and {Hansteen}, V.~H. and 
	{Carlsson}, M. and {Schrijver}, C.~J. and {Tarbell}, T.~D. and 
	{Title}, A.~M. and {Shine}, R.~A. and {Suematsu}, Y. and {Tsuneta}, S. and 
	{Katsukawa}, Y. and {Ichimoto}, K. and {Shimizu}, T. and {Nagata}, S.
	},
    title = "{A Tale of Two Spicules: The Impact of Spicules on the Magnetic Chromosphere}",
  journal = {\pasj},
archivePrefix = "arXiv",
   eprint = {0710.2934},
 keywords = {Sun: chromosphere, Sun: transition region},
     year = 2007,
    month = nov,
   volume = 59,
    pages = {S655-S662},
      doi = {10.1093/pasj/59.sp3.S655},
   adsurl = {http://adsabs.harvard.edu/abs/2007PASJ...59S.655D},
  adsnote = {Provided by the SAO/NASA Astrophysics Data System}
}

@ARTICLE{Athay1982,
   author = {{Athay}, R.~G. and {Holzer}, T.~E.},
    title = "{The role of spicules in heating the solar atmosphere}",
  journal = {\apj},
 keywords = {Solar Atmosphere, Solar Corona, Solar Temperature, Spicules, Chromosphere, Internal Energy, Potential Energy, Radiative Heat Transfer, Solar Gravitation, Solar Magnetic Field, Thermal Energy},
     year = 1982,
    month = apr,
   volume = 255,
    pages = {743-752},
      doi = {10.1086/159873},
   adsurl = {http://adsabs.harvard.edu/abs/1982ApJ...255..743A},
  adsnote = {Provided by the SAO/NASA Astrophysics Data System}
}

@ARTICLE{Zhang2012,
   author = {{Zhang}, Y.~Z. and {Shibata}, K. and {Wang}, J.~X. and {Mao}, X.~J. and 
	{Matsumoto}, T. and {Liu}, Y. and {Su}, J.~T.},
    title = "{Revision of Solar Spicule Classification}",
  journal = {\apj},
archivePrefix = "arXiv",
   eprint = {1202.4518},
 primaryClass = "astro-ph.SR",
 keywords = {Sun: chromosphere, Sun: corona, Sun: transition region},
     year = 2012,
    month = may,
   volume = 750,
      eid = {16},
    pages = {16},
      doi = {10.1088/0004-637X/750/1/16},
   adsurl = {http://adsabs.harvard.edu/abs/2012ApJ...750...16Z},
  adsnote = {Provided by the SAO/NASA Astrophysics Data System}
}
@ARTICLE{Klimchuk2012,
   author = {{Klimchuk}, J.~A.},
    title = "{The role of type II spicules in the upper solar atmosphere}",
  journal = {Journal of Geophysical Research (Space Physics)},
archivePrefix = "arXiv",
   eprint = {1207.7048},
 primaryClass = "astro-ph.SR",
 keywords = {corona, coronal heating, spicules, transition region, Solar Physics, Astrophysics, and Astronomy: Chromosphere, Solar Physics, Astrophysics, and Astronomy: Corona, Solar Physics, Astrophysics, and Astronomy: Transition region, Solar Physics, Astrophysics, and Astronomy: Ultraviolet emissions},
     year = 2012,
    month = dec,
   volume = 117,
   number = A16,
      eid = {A12102},
    pages = {A12102},
      doi = {10.1029/2012JA018170},
   adsurl = {http://adsabs.harvard.edu/abs/2012JGRA..11712102K},
  adsnote = {Provided by the SAO/NASA Astrophysics Data System}
}